@inproceedings{beckmann2016modeling,
  title={Modeling cache performance beyond lru},
  author={Beckmann, Nathan and Sanchez, Daniel},
  booktitle={2016 IEEE International Symposium on High Performance Computer Architecture (HPCA)},
  pages={225--236},
  year={2016},
  organization={IEEE}
}
